<?xml version="1.0" encoding="UTF-8"?><collection xmlns="http://www.loc.gov/MARC21/slim"><record><leader>00406nam--2200121-i-4500</leader><controlfield tag="001">000029615</controlfield><controlfield tag="002">20161230</controlfield><controlfield tag="005">20161230201037</controlfield><controlfield tag="008">060222s1000------------r-----000-0-eng-d</controlfield><datafield ind1=" " ind2=" " tag="100"><subfield code="a">Lafleur, J.D</subfield></datafield><datafield ind1=" " ind2=" " tag="245"><subfield code="a">Mathematical model of the uncooled spherical surge tank pressurizer of a pressurized-water nuclear power plant</subfield></datafield><datafield ind1=" " ind2=" " tag="260"><subfield code="a">Washington, The Catolix University Of America Press, 1960. 60p</subfield></datafield><datafield ind1=" " ind2=" " tag="852"><subfield code="a">17513</subfield></datafield></record></collection>